

@article{perrin2015social,
  title={Social media usage},
  author={Perrin, Andrew},
  year={2015}
}

@article{islm2021citizens,
  title={Why DO citizens engage in government social media accounts during COVID-19 pandemic? A comparative study},
  author={Islm, Tahir and Meng, Hu and Pitafi, Abdul Hameed and Zafar, Abaid Ullah and Sheikh, Zaryab and Mubarik, Muhammad Shujaat and Liang, Xiaobei},
  journal={Telematics and Informatics},
  volume={62},
  pages={101619},
  year={2021},
  publisher={Elsevier}
}

@misc{mlFrameworks,
    author = "Sindhuja Hari",
    title = "Best Machine Learning Frameworks(ML) for Experts in 2022",
    howpublished = "\url{https://hackr.io/blog/machine-learning-frameworks}",
    year   = "2022",
    note = {Last accessed 12 June 2022}
}


@misc{spacy,
    author = {Honnibal, Matthew and Montani, Ines},
    title  = {{spaCy 2}: Natural language understanding with {B}loom embeddings, convolutional neural networks and incremental parsing},
    year   = {2017},
}

% HSOL DATASET
@inproceedings{davidson2017automated,
  title={Automated hate speech detection and the problem of offensive language},
  author={Davidson, Thomas and Warmsley, Dana and Macy, Michael and Weber, Ingmar},
  booktitle={Proceedings of the international AAAI conference on web and social media},
  volume={11},
  number={1},
  pages={512--515},
  year={2017}
}

% FORUM DATASET
@inproceedings{de2018hate,
  title={Hate Speech Dataset from a White Supremacy Forum},
  author={de Gibert, Ona and P{\'e}rez, Naiara and Garc{\'\i}a-Pablos, Aitor and Cuadros, Montse},
  booktitle={Proceedings of the 2nd Workshop on Abusive Language Online (ALW2)},
  pages={11--20},
  year={2018}
}

% OLID DATASET
@inproceedings{zampieri2019semeval,
  title={SemEval-2019 Task 6: Identifying and Categorizing Offensive Language in Social Media (OffensEval)},
  author={Zampieri, Marcos and Malmasi, Shervin and Nakov, Preslav and Rosenthal, Sara and Farra, Noura and Kumar, Ritesh},
  booktitle={Proceedings of the 13th International Workshop on Semantic Evaluation},
  pages={75--86},
  year={2019}
}

@article{cortes1995support,
  title={Support-vector networks},
  author={Cortes, Corinna and Vapnik, Vladimir},
  journal={Machine learning},
  volume={20},
  number={3},
  pages={273--297},
  year={1995},
  publisher={Springer}
}

@inproceedings{duan2005best,
  title={Which is the best multiclass SVM method? An empirical study},
  author={Duan, Kai-Bo and Keerthi, S Sathiya},
  booktitle={International workshop on multiple classifier systems},
  pages={278--285},
  year={2005},
  organization={Springer}
}
  
@inproceedings{kim2014convolutional,
  title={Convolutional Neural Networks for Sentence Classification},
  author={Kim, Yoon},
  booktitle={Proceedings of the 2014 Conference on Empirical Methods in Natural Language Processing (EMNLP)},
  pages={1746--1751},
  year={2014}
}

@inproceedings{NIPS2015_250cf8b5,
 author = {Zhang, Xiang and Zhao, Junbo and LeCun, Yann},
 booktitle = {Advances in Neural Information Processing Systems},
 editor = {C. Cortes and N. Lawrence and D. Lee and M. Sugiyama and R. Garnett},
 pages = {},
 publisher = {Curran Associates, Inc.},
 title = {Character-level Convolutional Networks for Text Classification},
 url = {https://proceedings.neurips.cc/paper/2015/file/250cf8b51c773f3f8dc8b4be867a9a02-Paper.pdf},
 volume = {28},
 year = {2015}
}

@inproceedings{NIPS2017_3f5ee243,
 author = {Vaswani, Ashish and Shazeer, Noam and Parmar, Niki and Uszkoreit, Jakob and Jones, Llion and Gomez, Aidan N and Kaiser, \L ukasz and Polosukhin, Illia},
 booktitle = {Advances in Neural Information Processing Systems},
 editor = {I. Guyon and U. Von Luxburg and S. Bengio and H. Wallach and R. Fergus and S. Vishwanathan and R. Garnett},
 pages = {},
 publisher = {Curran Associates, Inc.},
 title = {Attention is All you Need},
 url = {https://proceedings.neurips.cc/paper/2017/file/3f5ee243547dee91fbd053c1c4a845aa-Paper.pdf},
 volume = {30},
 year = {2017}
}

@article{brown2020language,
  title={Language models are few-shot learners},
  author={Brown, Tom and Mann, Benjamin and Ryder, Nick and Subbiah, Melanie and Kaplan, Jared D and Dhariwal, Prafulla and Neelakantan, Arvind and Shyam, Pranav and Sastry, Girish and Askell, Amanda and others},
  journal={Advances in neural information processing systems},
  volume={33},
  pages={1877--1901},
  year={2020}
}

@inproceedings{devlin2019bert,
  title={BERT: Pre-training of Deep Bidirectional Transformers for Language Understanding},
  author={Devlin, Jacob and Chang, Ming-Wei and Lee, Kenton and Toutanova, Kristina},
  booktitle={Proceedings of the 2019 Conference of the North American Chapter of the Association for Computational Linguistics: Human Language Technologies, Volume 1 (Long and Short Papers)},
  pages={4171--4186},
  year={2019}
}

@misc{tensorflow2015-whitepaper,
title={ {TensorFlow}: Large-Scale Machine Learning on Heterogeneous Systems},
url={https://www.tensorflow.org/},
note={Software available from tensorflow.org},
author={
    Mart\'{i}n~Abadi and Ashish~Agarwal and Paul~Barham and Eugene~Brevdo and Zhifeng~Chen and Craig~Citro and Greg~S.~Corrado and Andy~Davis and Jeffrey~Dean and
    Matthieu~Devin and
    Sanjay~Ghemawat and
    Ian~Goodfellow and
    Andrew~Harp and
    Geoffrey~Irving and
    Michael~Isard and
    Yangqing Jia and
    Rafal~Jozefowicz and
    Lukasz~Kaiser and
    Manjunath~Kudlur and
    Josh~Levenberg and
    Dandelion~Man\'{e} and
    Rajat~Monga and
    Sherry~Moore and
    Derek~Murray and
    Chris~Olah and
    Mike~Schuster and
    Jonathon~Shlens and
    Benoit~Steiner and
    Ilya~Sutskever and
    Kunal~Talwar and
    Paul~Tucker and
    Vincent~Vanhoucke and
    Vijay~Vasudevan and
    Fernanda~Vi\'{e}gas and
    Oriol~Vinyals and
    Pete~Warden and
    Martin~Wattenberg and
    Martin~Wicke and
    Yuan~Yu and
    Xiaoqiang~Zheng},
  year={2015},
}


@inproceedings{le2013building,
  title={Building high-level features using large scale unsupervised learning},
  author={Le, Quoc V},
  booktitle={2013 IEEE international conference on acoustics, speech and signal processing},
  pages={8595--8598},
  year={2013},
  organization={IEEE}
}

@article{scikit-learn,
 title={Scikit-learn: Machine Learning in {P}ython},
 author={Pedregosa, F. and Varoquaux, G. and Gramfort, A. and Michel, V.
         and Thirion, B. and Grisel, O. and Blondel, M. and Prettenhofer, P.
         and Weiss, R. and Dubourg, V. and Vanderplas, J. and Passos, A. and
         Cournapeau, D. and Brucher, M. and Perrot, M. and Duchesnay, E.},
 journal={Journal of Machine Learning Research},
 volume={12},
 pages={2825--2830},
 year={2011}
}

@inproceedings{wiegand2018overview,
  title={Overview of the GermEval 2018 Shared Task on the Identification of Offensive Language},
  author={Wiegand, Michael and Siegel, Melanie and Ruppenhofer, Josef},
  booktitle={14th Conference on Natural Language Processing KONVENS 2018},
  pages={1},
  year={2018}
}

@inproceedings{masala2020robert,
  title={Robert--a romanian bert model},
  author={Masala, Mihai and Ruseti, Stefan and Dascalu, Mihai},
  booktitle={Proceedings of the 28th International Conference on Computational Linguistics},
  pages={6626--6637},
  year={2020}
}

@inproceedings{safaya2020kuisail,
  title={Kuisail at semeval-2020 task 12: Bert-cnn for offensive speech identification in social media},
  author={Safaya, Ali and Abdullatif, Moutasem and Yuret, Deniz},
  booktitle={Proceedings of the Fourteenth Workshop on Semantic Evaluation},
  pages={2054--2059},
  year={2020}
}